@book{martin2009clean,
  author    = {Robert C. Martin},
  title     = {Clean Code: A Handbook of Agile Software Craftsmanship},
  publisher = {Prentice Hall},
  year      = {2009},
  address   = {Upper Saddle River, NJ},
  isbn      = {9780132350884},
  url       = {https://www.amazon.de/gp/product/0132350882/ref=oh_details_o00_s00_i00}
}

@book{Berzal_2005,
  author    = {Fernando Berzal},
  title     = {Review of “Working effectively with legacy code by Michael Feathers”},
  journal   = {Queue},
  volume    = {3},
  number    = {9},
  pages     = {58--58},
  year      = {2005},
  month     = {nov},
  publisher = {Association for Computing Machinery (ACM)},
  url       = {http://dx.doi.org/10.1145/1105664.1105682},
  doi       = {10.1145/1105664.1105682},
  issn      = {1542-7749}
}