@book{martin2009clean,
  author    = {Robert C. Martin},
  title     = {Clean Code: A Handbook of Agile Software Craftsmanship},
  publisher = {Prentice Hall},
  year      = {2009},
  address   = {Upper Saddle River, NJ},
  isbn      = {9780132350884},
  url       = {https://www.amazon.de/gp/product/0132350882/ref=oh_details_o00_s00_i00}
}

@article{Berzal_2005,
  author    = {Fernando Berzal},
  title     = {Review of “Working effectively with legacy code by Michael Feathers”},
  journal   = {Queue},
  volume    = {3},
  number    = {9},
  pages     = {58--58},
  year      = {2005},
  month     = {nov},
  publisher = {Association for Computing Machinery (ACM)},
  doi       = {10.1145/1105664.1105682},
  issn      = {1542-7749}
}

@misc{ljung2022cleancode,
  title     = {"To Clean-Code or Not To Clean-Code" A Survey among Practitioners},
  author    = {Kevin Ljung and Javier Gonzalez-Huerta},
  year      = {2022},
  institution = {Blekinge Institute of Technology},
  archivePrefix = {arXiv},
  eprint    = {2208.07056},
  primaryClass = {cs.SE},
  url       = {https://arxiv.org/abs/2208.07056},
  note      = {Accessed: 2025-01-22}
}

@book{suryanarayana2014refactoring,
  title     = {Refactoring for Software Design Smells: Managing Technical Debt},
  author    = {Girish Suryanarayana and Ganesh Samarthyam and Tushar Sharma},
  year      = {2014},
  publisher = {Morgan Kaufmann},
  address   = {Waltham, MA},
  isbn      = {978-0-12-801397-7},
  url       = {https://www.sciencedirect.com/book/9780128013977/refactoring-for-software-design-smells}
}

